<record><leader>00000cas a22000007a 4500</leader><controlfield tag="001">20458437</controlfield><controlfield tag="008">891009d19481977mduwr ne      0    0eng d</controlfield><datafield ind1=" " ind2=" " tag="010"><subfield code="a">sn 89060171 </subfield></datafield><datafield ind1=" " ind2=" " tag="040"><subfield code="a">MFN</subfield><subfield code="b">eng</subfield><subfield code="c">MFN</subfield><subfield code="d">OCLCQ</subfield></datafield><datafield ind1=" " ind2=" " tag="042"><subfield code="a">msc</subfield></datafield><datafield ind1="0" ind2=" " tag="130"><subfield code="a">Emmitsburg chronicle (Emmitsburg, Md. : 1948)</subfield></datafield><datafield ind1="1" ind2="0" tag="245"><subfield code="a">Emmitsburg chronicle.</subfield></datafield><datafield ind1=" " ind2=" " tag="260"><subfield code="a">Emmitsburg, Md. :</subfield><subfield code="b">Chronicle Press &amp; Assoc.</subfield></datafield><datafield ind1=" " ind2=" " tag="300"><subfield code="a">v.</subfield></datafield><datafield ind1=" " ind2=" " tag="310"><subfield code="a">Weekly</subfield></datafield><datafield ind1="0" ind2=" " tag="362"><subfield code="a">Vol. 69, no. 1 (Sept. 17, 1948)-v. 97, no. 6 (Feb. 9, 1977).</subfield></datafield><datafield ind1=" " ind2=" " tag="752"><subfield code="a">United States</subfield><subfield code="b">Maryland</subfield><subfield code="c">Frederick</subfield><subfield code="d">Emmitsburg.</subfield></datafield><datafield ind1="0" ind2="0" tag="780"><subfield code="t">Chronicle (Emmitsburg, Md.)</subfield><subfield code="w">(DLC)sn 89060170</subfield></datafield><datafield ind1="0" ind2="0" tag="785"><subfield code="t">Weekly chronicle (Emmitsburg, Md. : 1977)</subfield><subfield code="w">(DLC)sn 89060172</subfield></datafield></record>